<?xml version="1.0" encoding="UTF-8"?><record xmlns="http://www.loc.gov/MARC21/slim" xmlns:cinclude="http://apache.org/cocoon/include/1.0" xmlns:zs="http://www.loc.gov/zing/srw/">
  <leader>00770cz  a2200193n  4500</leader>
  <controlfield tag="001">n  86822125 </controlfield>
  <controlfield tag="003">DLC</controlfield>
  <controlfield tag="005">20141212093127.0</controlfield>
  <controlfield tag="008">860424n| acannaabn          |n abd      </controlfield>
  <datafield tag="010" ind1=" " ind2=" ">
    <subfield code="a">n  86822125 </subfield>
  </datafield>
  <datafield tag="035" ind1=" " ind2=" ">
    <subfield code="a">(OCoLC)oca01563924</subfield>
  </datafield>
  <datafield tag="040" ind1=" " ind2=" ">
    <subfield code="a">DLC</subfield>
    <subfield code="b">eng</subfield>
    <subfield code="c">DLC</subfield>
    <subfield code="d">DLC</subfield>
    <subfield code="d">OCoLC</subfield>
    <subfield code="d">DLC</subfield>
  </datafield>
  <datafield tag="100" ind1="1" ind2=" ">
    <subfield code="a">Be패dard, Christian</subfield>
  </datafield>
  <datafield tag="667" ind1=" " ind2=" ">
    <subfield code="a">THIS 1XX FIELD CANNOT BE USED UNDER RDA UNTIL THIS UNDIFFERENTIATED RECORD HAS BEEN HANDLED FOLLOWING THE GUIDELINES IN DCM Z1 008/32</subfield>
  </datafield>
  <datafield tag="670" ind1=" " ind2=" ">
    <subfield code="a">[Joint author of Thirteen moons]</subfield>
  </datafield>
  <datafield tag="670" ind1=" " ind2=" ">
    <subfield code="a">nuc86-36337: Chute, R. Thirteen moons, 1982</subfield>
    <subfield code="b">(Hdg. on CaQMM rept.: Be패dard, Christian; usage: Christian Be패dard)</subfield>
  </datafield>
  <datafield tag="670" ind1=" " ind2=" ">
    <subfield code="a">[Author of Le SIDA, la loi et moi]</subfield>
  </datafield>
  <datafield tag="670" ind1=" " ind2=" ">
    <subfield code="a">Le SIDA, la loi et moi, 1995:</subfield>
    <subfield code="b">t.p. (Christian Be패dard)</subfield>
  </datafield>
  <datafield tag="675" ind1=" " ind2=" ">
    <subfield code="a">NLC</subfield>
  </datafield>
</record>